<record><leader>00000cas a2200000Ma 4500</leader><controlfield tag="001">226240407</controlfield><controlfield tag="007">hd afu---bucp</controlfield><controlfield tag="007">hd bfu---babc</controlfield><controlfield tag="008">970520d19uu1946oruwr nea     0    0eng d</controlfield><datafield ind1=" " ind2=" " tag="010"><subfield code="a">sn 96088361 </subfield></datafield><datafield ind1=" " ind2=" " tag="040"><subfield code="a">AU@</subfield><subfield code="b">eng</subfield><subfield code="c">AU@</subfield><subfield code="d">OCLCQ</subfield><subfield code="d">OCLCF</subfield><subfield code="d">OCLCO</subfield><subfield code="d">OCLCQ</subfield></datafield><datafield ind1=" " ind2=" " tag="043"><subfield code="a">n-us-or</subfield></datafield><datafield ind1="0" ind2=" " tag="130"><subfield code="a">Weston leader (Weston, Or.)</subfield></datafield><datafield ind1="1" ind2="0" tag="245"><subfield code="a">Weston leader.</subfield></datafield><datafield ind1=" " ind2=" " tag="260"><subfield code="a">Weston, Umatilla County, Or. :</subfield><subfield code="b">[publisher not identified],</subfield><subfield code="c">-1946.</subfield></datafield><datafield ind1=" " ind2=" " tag="300"><subfield code="a">volumes</subfield></datafield><datafield ind1=" " ind2=" " tag="310"><subfield code="a">Weekly</subfield></datafield><datafield ind1=" " ind2=" " tag="336"><subfield code="a">text</subfield><subfield code="b">txt</subfield><subfield code="2">rdacontent</subfield></datafield><datafield ind1=" " ind2=" " tag="337"><subfield code="a">microform</subfield><subfield code="b">h</subfield><subfield code="2">rdamedia</subfield></datafield><datafield ind1=" " ind2=" " tag="338"><subfield code="a">microfilm reel</subfield><subfield code="b">hd</subfield><subfield code="2">rdacarrier</subfield></datafield><datafield ind1="0" ind2=" " tag="362"><subfield code="a">-v. 69, no. 20 (Nov. 15, 1946).</subfield></datafield><datafield ind1=" " ind2=" " tag="515"><subfield code="a">Some irregularities in numbering.</subfield></datafield><datafield ind1=" " ind2=" " tag="530"><subfield code="a">Also issued on microfilm from University of Oregon.</subfield></datafield><datafield ind1="0" ind2=" " tag="588"><subfield code="a">Vol. 21, no. 34 (Aug. 21, 1903).</subfield></datafield><datafield ind1=" " ind2=" " tag="533"><subfield code="a">Microfilm.</subfield><subfield code="b">[Eugene, Or :</subfield><subfield code="c">University of Oregon :</subfield><subfield code="c">Oregon Newspaper Microfilming Project],</subfield><subfield code="d">1966.</subfield><subfield code="e">11 microfilm reels ; 35 mm.</subfield></datafield><datafield ind1=" " ind2="0" tag="651"><subfield code="a">Weston (Or.)</subfield><subfield code="v">Newspapers.</subfield></datafield><datafield ind1=" " ind2="7" tag="651"><subfield code="a">Oregon</subfield><subfield code="z">Weston.</subfield><subfield code="2">fast</subfield><subfield code="0">(OCoLC)fst01280452</subfield></datafield><datafield ind1=" " ind2="7" tag="655"><subfield code="a">Newspapers.</subfield><subfield code="2">fast</subfield><subfield code="0">(OCoLC)fst01423814</subfield></datafield><datafield ind1=" " ind2=" " tag="752"><subfield code="a">United States</subfield><subfield code="b">Oregon</subfield><subfield code="c">Umatilla</subfield><subfield code="d">Weston.</subfield></datafield><datafield ind1="0" ind2="4" tag="785"><subfield code="t">Milton eagle</subfield></datafield><datafield ind1="0" ind2=" " tag="029"><subfield code="a">AU@</subfield><subfield code="b">000013285122</subfield></datafield></record>